@article{1,
	title={Design principles and design patterns},
	author={Martin, Robert C},
	year={2000},
}
