@article{1,
	author={Shyam R. Chidamber and Chris F. Kemerer},
 	title={A Metrics Suite for Object Oriented Design},
 	journal={IEEE TRANSACTIONS ON SOFTWARE ENGINEERING},
 	volume={20},
 	number={6},
 	pages={263--265},
 	year={1994},
 	DOI={10.1109/32.372153} 
}
@article{2,
	author = {Paul Oman and Jack Hagemeister},
	title = {Metrics for Assessing a Software Systemâ€™s Maintainability},
	journal = {Software Maintenance},
	year = {1992},
	series = {9--12},
	volume = {volume},
	month = {Nov},
	pages = {337--344},
	doi = {10.1109/ICSM.1992.242525},
}
@MISC{3,
	author = {PerOlof Bengtsson and Nico Lassing and Jan Bosch and Hans van Vliet},
	title = {Analyzing Software Architectures for Modifiability},
	year = {2000}
}
@MISC{4,
	author = {Magnus Andersson and Patrik Vestergren},
	title = {Object-Oriented Design Quality Metrics},
	year = {2004}
}
